@inproceedings{bettadapura2012,
  author       = {V. Bettadapura},
  title        = {Face Expression Recognition and Analysis, The State of the Art},
  year         = {2012},
  month        = {March},
  booktitle    = {},}


@article{tian2001,
  author  = {Y.I. Tian and T. Kanade and J.F. Cohn}, 
  title   = {Recognizing Action Units for Facial Expression Analysis},
  journal = {IEEE Transactions on Pattern Analysis and Machine Intelligence},
  year    = {2001},
  number  = {issue 2},
  pages   = {pages 97-â€“115},
  month   = {February},
  volume  = {volume 23},}


@article{michel_and_kaliouby2003,
  author       = {P. Michel and R. Kaliouby},
  title        = {Real Time Facial Expression Recognition in Video Using Support Vector Machines},
  journal      = {Proceedings of the 5th international conference on Multimodal interfaces},
  year         = {2003},
  number       = {},
  pages        = {258--264},
  month        = {November},
  volume       = {},}


@article{sinith_ieee_2015,
  author  = {M.S. Sinith and E. Aswathi and T.M. Deepa and C.P. Shameemaet and S. Rajan}, 
  title   = {Emotion recognition from audio signals using Support Vector Machine},
  journal = {IEEE Recent Advances in Intelligent Computational Systems (RAICS)},
  year    = {2015},
  number  = {},
  pages   = {},
  month   = {December},
  volume  = {},}


@article{martinez_ieee_2013,
  author  = {H.P. Martinez and Y. Bengio and G.N. Yannakakis}, 
  title   = {Learning deep physiological models of affect},
  journal = {IEEE Computational Intelligence Magazine},
  year    = {2013},
  number  = {issue 2},
  pages   = {pages 20--33},
  month   = {April},
  volume  = {volume 8},}


@book{yannakakis_2010,
  author    = {G.N. Yannakakis and H.P. Martinez and Arnav Jhala}, 
  title     = {User Modeling and User-Adapted Interaction: Towards affective camera control in games},
  publisher = {Springer Netherlands},
  year      = {2010},
  volume    = {20(issue 4)},
  pages     = {pages 313--340},
  month     = {October},}


@article{optical_flow2015,
  author  = {P. Fischer and A. Dosovitskiy and E. Ilg and P. Haeusser and C. Hazirbas and V. Golkov and P. Smagt and D. Cremers and T. Brox}, 
  title   = {Learning Optical Flow with Convolutional Networks},
  journal = {},
  year    = {2015},
  number  = {},
  pages   = {},
  month   = {April},
  volume  = {},}


@article{gabor_wavelets1996,
  author  = {T.S. Lee}, 
  title   = {Image Representation Using 2D Gabor Wavelets},
  journal = {IEEE Transactions on Pattern Analysis and Machine Intelligence},
  year    = {1996},
  number  = {issue 10},
  pages   = {pages 959--971},
  month   = {October},
  volume  = {volume 18},}
  
  
@article{multistate_model2004,
  author  = {G. Ferretti and G. Magnani and P. Rocco}, 
  title   = {Single and multistate integral friction models},
  journal = {IEEE Transactions on Automatic Control},
  year    = {2004},
  number  = {issue 12},
  pages   = {pages 2292--2297},
  month   = {December},
  volume  = {volume 49},}
  

@article{canny_edge_detection_1986,
  author  = {J. Canny}, 
  title   = {A Computational Approach to Edge Detection},
  journal = {IEEE Transactions on Pattern Analysis and Machine Intelligence},
  year    = {1986},
  number  = {issue 6},
  pages   = {pages 679--698},
  month   = {November},
  volume  = {volume PAMI-8},}


@book{svn1995,
    author = {C. Cortes and V. Vapnik},
    title = {Support-Vector Networks},
    publisher = {Kluwer Academic Publishers, Boston},
    volume = {volume 20},
    number = {issue 3},
    year = {1995},
    month = {September},}


@inproceedings{kernel_2013,
  author       = {E. Kim},
  title        = {Everything You Wanted to Know about the Kernel Trick},
  year         = {2013},
  month        = {September},
  booktitle    = {},}


@article{kimiaki_codebook_approach_2016,
  author  = {K. Shirahama and L. Koeping and M. Grzegorzek}, 
  title   = {Codebook approach for sensor-based human activity recognition},
  journal = {Proceedings of the 2016 ACM International Joint Conference on Pervasive and Ubiquitous Computing},
  year    = {2016},
  number  = {},
  pages   = {197--200},
  month   = {September},
  volume  = {},}
  

@article{gemert_ieee_2009,
  author  = {J.C. van Gemert and C.J. Veenman and A.W.M. Smeulders}, 
  title   = {Visual Word Ambiguity},
  journal = {IEEE Transactions on Pattern Analysis and Machine Intelligence},
  year    = {2009},
  number  = {issue 7},
  pages   = {pages 1271--1283},
  month   = {June},
  volume  = {volume 32},}


@book{murphy_2012,
    author = {K.P. Murphy},
    title = {Machine Learning and A Probabilistic Perspective},
    publisher = {The MIT Press, London},
    volume = {},
    number = {},
    year = {2012},
    month = {September},}


@article{snoek_2005,
  author  = {C.G.M. Snoek and M. Worring and A.W.M. Smeulders}, 
  title   = {Early versus late fusion in semantic video analysis},
  journal = {Proceedings of the 13th annual ACM international conference on Multimedia},
  year    = {2005},
  number  = {},
  pages   = {399--402},
  month   = {November},
  volume  = {},}


@book{bscGouverneur,
    author = {P. Gouverneur},
    title  = {Bachelor-thesis: Classification of physiological data for emotion recognition},
    year   = {2016},
    month  = {September},}


@book{bscpiet,
    author = {A. Piet},
    title  = {Bachelor-thesis: Emotion recognition using 1D physiological signals following a supervised learning approach},
    year   = {2017},
    month  = {December},}

@book{bsclittau,
    author = {J. Littau},
    title  = {Bachelor-thesis: Analysis of fourier features for emotion recognition using physiological signals},
    year   = {2018},
    month  = {June},}

@book{grus15,
    author    = {J. Grus},
    title     = {Data Science from Scratch},
    publisher = {O'Reilly Media},
    year = {2015},
    month = {April},}


@misc{elise_logo,
    author = "{A. Paultre, Limbic Entarteinment GmbH}",
    title = "{Logo of the project ELISE}"}


@misc{basic_emotions_theories,
    author       = "{T. Goschke}",
    title        = "{Emotionspsychologie I}",
    year         = "{accessed on 19 November 2017}",
    howpublished = {\url{https://tu-dresden.de/mn/psychologie/allgpsy/ressourcen/dateien/lehre/lehreveranstaltungen/goschke_lehre/ws_2013/vl_motivation/VL-Emotion-1.pdf?lang=de}}}
    

@article{Plutchik_2001, 
    author = {R. Plutchik}, 
    title = {The Nature of Emotions}, 
    journal = {American Scientist}, 
    volume = {volume 89}, 
    year = {2001}, 
    number = {}, 
    month = {}, 
    pages = {page 334} }
    
    
@article{russel_1980, 
    author = {J. Russel}, 
    title = {A Circumplex Model of Affect}, 
    journal = {Journal of Personality and Social Psychology}, 
    volume = {volume 39}, 
    year = {1980}, 
    number = {issue 6}, 
    month = {}, 
    pages = {pages 1161--1178}}
    
    
@article{ekman_1999, 
    author = {P. Ekman}, 
    title = {Facial Expressions}, 
    journal = {Handbook of Cognition and Emotion}, 
    volume = {}, 
    year = {1999}, 
    number = {}, 
    month = {}, 
    pages = {301--320} }   


@article{vodanovich_2003, 
    author = {S. J. Vodanovich}, 
    title = {Psychometric measures of boredom: A review of the literature}, 
    journal = {Journal of Psychology}, 
    volume = {volume 137}, 
    year = {2003}, 
    number = {issue 6}, 
    month = {November}, 
    pages = {pages 569--595}} 
    
    
@misc{Zhu2008,
    author = {X. Zhu},
    title  = {Semi-Supervised Learning Literature Survey},
    year   = {2008},
    month  = {July},}


@misc{gault-questionnaire,
    author       = "{R. H. Gault}",
    title        = "{A history of the questionnaire method of research in psychology}",
    year         = "{accessed on 30 January 2019}",
    howpublished = {\url{https://www.tandfonline.com/doi/abs/10.1080/08919402.1907.10532551}}}


